@article{wang2014comprehensive,
  author = {Wang, Z. and Saxena, A.},
  title = {A comprehensive review on prognostics and health management of Li-Ion battery},
  journal = {IEEE Transactions on Vehicular Technology},
  volume = {63},
  number = {2},
  pages = {447--466},
  year = {2014},
  doi = {10.1109/TVT.2013.2288302}
}

@article{severson2019data,
  author = {Severson, K. A. and Attia, P. M. and Jin, N. and Perkins, N. and Jiang, B. and Yang, Z. and Braatz, R. D.},
  title = {Data-driven prediction of battery cycle life before capacity degradation},
  journal = {Nature Energy},
  volume = {4},
  number = {5},
  pages = {383--391},
  year = {2019},
  doi = {10.1038/s41560-019-0356-8}
}

@article{liu2019brief,
  author = {Liu, K. and Li, K. and Peng, Q. and Zhang, C.},
  title = {A brief review on key technologies in the battery management system of electric vehicles},
  journal = {Frontiers of Mechanical Engineering},
  volume = {14},
  number = {1},
  pages = {47--64},
  year = {2019},
  doi = {10.1007/s11465-018-0516-8}
}

@article{zhang2020machine,
  author = {Zhang, Z. and Liu, W. and Wang, Y. and Wang, C.},
  title = {Machine learning-enabled state-of-health estimation of lithium-ion batteries based on charge–discharge profiles},
  journal = {Journal of Power Sources},
  volume = {479},
  pages = {228806},
  year = {2020},
  doi = {10.1016/j.jpowsour.2020.228806}
}

@article{xu2016modeling,
  author = {Xu, B. and Oudalov, A. and Ulbig, A. and Andersson, G. and Kirschen, D. S.},
  title = {Modeling of lithium-ion battery degradation for cell life assessment},
  journal = {IEEE Transactions on Smart Grid},
  volume = {9},
  number = {2},
  pages = {1131--1140},
  year = {2016},
  doi = {10.1109/TSG.2016.2596719}
}

@article{ecker2012development,
  author = {Ecker, M. and Gerschler, J. B. and Vogel, J. and Käbitz, S. and Hust, F. and Dechent, P. and Sauer, D. U.},
  title = {Development of a lifetime prediction model for lithium-ion batteries based on extended accelerated aging test data},
  journal = {Journal of Power Sources},
  volume = {215},
  pages = {248--257},
  year = {2012},
  doi = {10.1016/j.jpowsour.2012.05.012}
}

@inproceedings{sample2023example,
  author = {Author, A. and Coauthor, B.},
  title = {Title of the Conference Paper},
  booktitle = {Proceedings of the Conference Name},
  year = {2023},
  pages = {123--134},
  publisher = {Publisher},
  address = {Conference Location}
}

@article{broussard2022state,
  author = {Broussard, C. and Chien, K. and Lawrence, M.},
  title = {State-of-Health Estimation for Lithium-Ion Batteries Using a Hybrid Neural Network Approach},
  journal = {Energy Storage Materials},
  volume = {44},
  pages = {488--497},
  year = {2022},
  doi = {10.1016/j.ensm.2021.11.010}
}